%
%  Vzor bibliografické databáze pro automatickou tvorbu seznamu referencí
%  pomocí BibTeXu
%
%  Doporučený software pro správu databáze literatury formátu *.bib:
%    JabRef, http://jabref.sourceforge.net/
%
%  POZOR:
%
%    *  Písmena v názvech publikací, jež je třeba tisknout vždy velká, se musejí psát
%       do složených závorek ({T}hailand, {HIV})
%
%  ===========================================================================

@ARTICLE{Gurycova19,
  title = {Pražský dopravní podnik dál tají data o poloze tramvají. Zveřejnění brání smlouva s dodavatelem},
  journal = {iRozhlas},
  year = {2019},
  author = {Kristýna Guryčová},
  address = {Praha},
  url = {https://www.irozhlas.cz/zpravy-domov/data-o-poloze-vozidel-dpp-mhd-tramvaje-autobusy-praha-hrib-soud-informace_1904290600_kno}
}

@BOOK{Gareth13,
  title = {An Introduction to Statistical Learning with Applications in R},
  publisher = {Springer},
  year = {2013},
  author = {Gareth James, Daniela Witten, Trevor Hastie and Robert Tibshirani},
  address = {Praha},
  series = {Osmé přepracované vydání},
  isbn = {978-1-4614-7137-0}
}

@ARTICLE{Asaeedi,
  author = {Saeed Asaeedi, Farzad Didehvar and Ali Mohades},
  title = {Alpha-Concave Hull, a Generalization of Convex Hull},
  journal = {Department of Mathematics and Computer Science, Amirkabir University of Technology},
  year = {2013},
  url = {https://arxiv.org/pdf/1309.7829.pdf}
}

@ARTICLE{Genberget08,
  author = {Genberg, B. L. and Kulich, M. and Kawichai, S. and Modiba, P. and
	Chingono, A. and Kilonzo, G. P. and Richter, L. and Pettifor, A.
	and Sweat, M. and Celentano, D. D.},
  title = {{HIV} risk behaviors in Sub-{S}aharan {A}frica and {N}orthern {T}hailand:
	{B}aseline behavioral data from project {A}ccept},
  journal = {Journal of Acquired Immune Deficiency Syndrome},
  year = {2008},
  volume = {49},
  pages = {309--319}
}

@BOOK{Ripley96,
  title = {Pattern Recognition and Neural Networks},
  publisher = {Cambridge University Press},
  year = {1996},
  author = {B. D. Ripley},
  address = {Cambridge},
  series = {Osmé vydání},
  isbn = {0-521-46086-7}
}
